@BOOK{Bradski2017-wp,
  title     = "Learning {OpenCV} 3",
  author    = "Bradski, Gary R and Kaehler, Adrian",
  publisher = "O'Reilly Media",
  month     =  jan,
  year      =  2017,
  address   = "Sebastopol, CA"
}

@BOOK{Minichino2015-do,
  title     = "Learning {OpenCV} 3 Computer Vision with Python -",
  author    = "Minichino, Joe and Howse, Joseph",
  publisher = "Packt Publishing",
  edition   =  2,
  month     =  sep,
  year      =  2015,
  address   = "Birmingham, England"
}


@misc{DocsCV,
  title = "Open CV Documentation for C/C++/Python3",
  url = "https://docs.opencv.org"
}

@BOOK{Dey2020-cj,
  title     = "Python Image Processing Cookbook",
  author    = "Dey, Sandipan",
  publisher = "Packt Publishing",
  month     =  apr,
  year      =  2020,
  address   = "Birmingham, England"
}

@misc{DocsNumpy,
  title = "NumPy User Guide",
  url = "https://numpy.org/doc/1.20/numpy-user.pdf",
  author = "NumPy Community"
}